@article{fink1997property,
  title={Property-based testing: a new approach to testing for assurance},
  author={Fink, George and Bishop, Matt},
  journal={ACM SIGSOFT Software Engineering Notes},
  volume={22},
  number={4},
  pages={74--80},
  year={1997},
  publisher={ACM New York, NY, USA}
}

%quickcheck main reference
@article{claessen2011quickcheck,
  title={QuickCheck: a lightweight tool for random testing of Haskell programs},
  author={Claessen, Koen and Hughes, John},
  journal={Acm sigplan notices},
  volume={46},
  number={4},
  pages={53--64},
  year={2011},
  publisher={ACM New York, NY, USA}
}

%quickchick main reference
@inproceedings{denes2014quickchick,
  title={QuickChick: Property-based testing for Coq},
  author={D{\'e}n{\`e}s, Maxime and Hritcu, Catalin and Lampropoulos, Leonidas and Paraskevopoulou, Zoe and Pierce, Benjamin C},
  booktitle={The Coq Workshop},
  year={2014}
}

%software foundations vol 4: QuickChick
@book{Pierce:SF4,
  author = {Leonidas Lampropoulos and Benjamin C. Pierce},
  title = {{QuickChick}: Property-Based Testing in Coq},
  series = {Software Foundations series, volume 4},
  month = aug,
  year = {2018},
  publisher = {Electronic textbook},
  plclub = {Yes},
  bcp = {Yes},
  keys = {verification,books},
  note = {Version 1.0.  \url{http://www.cis.upenn.edu/~bcpierce/sf}},
  ebook = {http://www.cis.upenn.edu/~bcpierce/sf}
}

%isabelle qc clone
@inproceedings{bulwahn2012new,
  title={The new quickcheck for Isabelle},
  author={Bulwahn, Lukas},
  booktitle={International Conference on Certified Programs and Proofs},
  pages={92--108},
  year={2012},
  organization={Springer}
}


@inbook{inbook,
author = {Mavridou, Anastasia and Laszka, Aron and Stachtiari, Emmanouela and Dubey, Abhishek},
year = {2019},
month = {09},
pages = {446-465},
title = {VeriSolid: Correct-by-Design Smart Contracts for Ethereum},
isbn = {978-3-030-32100-0},
doi = {10.1007/978-3-030-32101-7_27}
}

@article{fsolidm18,
author = {Mavridou, Anastasia and Laszka, Aron},
year = {2018},
month = {02},
pages = {},
title = {Tool Demonstration: FSolidM for Designing Secure Ethereum Smart Contracts}
}

% smart contract interactions
@misc{nielsen2019smart,
    title={Smart Contract Interactions in Coq},
    author={Jakob Botsch Nielsen and Bas Spitters},
    year={2019},
    eprint={1911.04732},
    archivePrefix={arXiv},
    primaryClass={cs.LO}
}

%concert
@article{DBLP:journals/corr/abs-1907-10674,
  author    = {Danil Annenkov and
               Bas Spitters},
  title     = {Towards a Smart Contract Verification Framework in Coq},
  journal   = {CoRR},
  volume    = {abs/1907.10674},
  year      = {2019},
  url       = {http://arxiv.org/abs/1907.10674},
  archivePrefix = {arXiv},
  eprint    = {1907.10674},
  timestamp = {Thu, 01 Aug 2019 08:59:33 +0200},
  biburl    = {https://dblp.org/rec/journals/corr/abs-1907-10674.bib},
  bibsource = {dblp computer science bibliography, https://dblp.org}
}

@INPROCEEDINGS{8445052,  
    author={S. {Tikhomirov} and E. {Voskresenskaya} and I. {Ivanitskiy} and R. {Takhaviev} and E. {Marchenko} and Y. {Alexandrov}},  
    booktitle={2018 IEEE/ACM 1st International Workshop on Emerging Trends in Software Engineering for Blockchain (WETSEB)},   
    title={SmartCheck: Static Analysis of Ethereum Smart Contracts},   
    year={2018}, 
    volume={},  
    number={},  
    pages={9-16},
}

@article{Feist2019SlitherAS,
  title={Slither: A Static Analysis Framework for Smart Contracts},
  author={Josselin Feist and Gustavo Grieco and Alex Groce},
  journal={2019 IEEE/ACM 2nd International Workshop on Emerging Trends in Software Engineering for Blockchain (WETSEB)},
  year={2019},
  pages={8-15}
}

@inproceedings{tsankov2018securify,
  title={Securify: Practical security analysis of smart contracts},
  author={Tsankov, Petar and Dan, Andrei and Drachsler-Cohen, Dana and Gervais, Arthur and Buenzli, Florian and Vechev, Martin},
  booktitle={Proceedings of the 2018 ACM SIGSAC Conference on Computer and Communications Security},
  pages={67--82},
  year={2018}
}

@article{mueller2018smashing,
  title={Smashing ethereum smart contracts for fun and real profit},
  author={Mueller, Bernhard},
  journal={HITB SECCONF Amsterdam},
  year={2018},
  pages={1-54}
}

@inproceedings{luu2016making,
  title={Making smart contracts smarter},
  author={Luu, Loi and Chu, Duc-Hiep and Olickel, Hrishi and Saxena, Prateek and Hobor, Aquinas},
  booktitle={Proceedings of the 2016 ACM SIGSAC conference on computer and communications security},
  pages={254--269},
  year={2016}
}

@InProceedings{10.1007/978-3-319-70278-0_33,
author="Hirai, Yoichi",
editor="Brenner, Michael
and Rohloff, Kurt
and Bonneau, Joseph
and Miller, Andrew
and Ryan, Peter Y.A.
and Teague, Vanessa
and Bracciali, Andrea
and Sala, Massimiliano
and Pintore, Federico
and Jakobsson, Markus",
title="Defining the Ethereum Virtual Machine for Interactive Theorem Provers",
booktitle="Financial Cryptography and Data Security",
year="2017",
publisher="Springer International Publishing",
address="Cham",
pages="520--535",
abstract="Smart contracts in Ethereum are executed by the Ethereum Virtual Machine (EVM). We defined EVM in Lem, a language that can be compiled for a few interactive theorem provers. We tested our definition against a standard test suite for Ethereum implementations. Using our definition, we proved some safety properties of Ethereum smart contracts in an interactive theorem prover Isabelle/HOL. To our knowledge, ours is the first formal EVM definition for smart contract verification that implements all instructions. Our definition can serve as a basis for further analysis and generation of Ethereum smart contracts.",
isbn="978-3-319-70278-0"
}

@article{DBLP:journals/corr/abs-1801-00687,
  author    = {Ilya Sergey and
               Amrit Kumar and
               Aquinas Hobor},
  title     = {Scilla: a Smart Contract Intermediate-Level LAnguage},
  journal   = {CoRR},
  volume    = {abs/1801.00687},
  year      = {2018},
  url       = {http://arxiv.org/abs/1801.00687},
  archivePrefix = {arXiv},
  eprint    = {1801.00687},
  timestamp = {Tue, 17 Sep 2019 14:15:20 +0200},
  biburl    = {https://dblp.org/rec/journals/corr/abs-1801-00687.bib},
  bibsource = {dblp computer science bibliography, https://dblp.org}
}

@article{DBLP:journals/corr/abs-1904-11281,
  author    = {Zeinab Nehai and
               Fran{\c{c}}ois Bobot},
  title     = {Deductive Proof of Ethereum Smart Contracts Using Why3},
  journal   = {CoRR},
  volume    = {abs/1904.11281},
  year      = {2019},
  url       = {http://arxiv.org/abs/1904.11281},
  archivePrefix = {arXiv},
  eprint    = {1904.11281},
  timestamp = {Thu, 02 May 2019 15:13:44 +0200},
  biburl    = {https://dblp.org/rec/journals/corr/abs-1904-11281.bib},
  bibsource = {dblp computer science bibliography, https://dblp.org}
}

@misc{groce2019actual,
    title={What are the Actual Flaws in Important Smart Contracts (and How Can We Find Them)?},
    author={Alex Groce and Josselin Feist and Gustavo Grieco and Michael Colburn},
    year={2019},
    eprint={1911.07567},
    archivePrefix={arXiv},
    primaryClass={cs.SE}
}

@article{humbleprogrammer1972,
author = {Dijkstra, Edsger W.},
title = {The Humble Programmer},
year = {1972},
issue_date = {Oct. 1972},
publisher = {Association for Computing Machinery},
address = {New York, NY, USA},
volume = {15},
number = {10},
issn = {0001-0782},
url = {https://doi.org/10.1145/355604.361591},
doi = {10.1145/355604.361591},
journal = {Commun. ACM},
month = oct,
pages = {859-866},
numpages = {8}
}
  
@misc{echidna,
  title = {{Echidna} Ethereum Smart Contract Fuzzer},
  howpublished = {\url{https://github.com/crytic/echidna}},
  note = {Accessed: 2020-06-06}
}

@misc{brownie,
  title = {{Brownie} Property-based testing framework for EVM},
  howpublished = {\url{https://github.com/eth-brownie/brownie}},
  note = {Accessed: 2020-06-06}
}

@misc{eip20,
  title = {{EIP20 Specification} An ERC-20 Compliant Interface for Ethereum},
  howpublished = {\url{https://eips.ethereum.org/EIPS/eip-20}},
  note = {Accessed: 2020-07-06}
}

@misc{erc20-attack,
  title = {{ERC20 API} An Attack Vector on Approve/TransferFrom Methods},
  howpublished = {\url{https://docs.google.com/document/d/1YLPtQxZu1UAvO9cZ1O2RPXBbT0mooh4DYKjA_jp-RLM/edit#heading=h.m9fhqynw2xvt}},
  note = {Accessed: 2020-08-06}
}

@misc{tzip12-fa2,
  title = {{FA2} - Multi-Asset Interface},
  howpublished = {\url{https://gitlab.com/tzip/tzip/-/blob/8797ef6258d9406a600ef2e2f67f544fa123b374/proposals/tzip-12/tzip-12.md}},
  note = {Accessed: 2020-10-06}
}

@misc{erc777-attacks-tezos,
  title = {{Is Tezos Vulnerable to DeFi/ERC-777 Attacks?} - A Medium Blogpost},
  howpublished = {\url{https://forum.tezosagora.org/t/is-tezos-vulnerable-to-defi-erc-777-attacks/1939}},
  note = {Accessed: 2020-10-06}
}

@misc{uniswap-exploit,
  title = {{Exploiting Uniswap:} From reentrancy to actual profit},
  howpublished = {\url{https://forum.openzeppelin.com/t/exploiting-uniswap-from-reentrancy-to-actual-profit/1116}},
  note = {Accessed: 2020-11-06}
}

@misc{dexter,
  title = {{Dexter Contracts}},
  howpublished = {\url{https://gitlab.com/camlcase-dev/dexter/-/blob/master/dexter-contracts-ligo/dexter.ligo}},
  note = {Accessed: 2020-11-06}
}

@misc{daoattack,
  title = {{Wired} A \$50 Million Hack Just Showed That the DAO Was All Too Human},
  howpublished = {\url{https://www.wired.com/2016/06/50-million-hack-just-showed-dao-human/}},
  note = {Accessed: 2020-11-06}
}

@misc{multisighack,
  title = {{The Multi-sig Hack:} A Postmortem},
  howpublished = {\url{https://www.parity.io/the-multi-sig-hack-a-postmortem/}},
  note = {Accessed: 2020-13-06}
}

@misc{lampropoulos2016beginners,
    title={Beginner's Luck: A Language for Property-Based Generators},
    author={Leonidas Lampropoulos and Diane Gallois-Wong and Catalin Hritcu and John Hughes and Benjamin C. Pierce and Li-yao Xia},
    year={2016},
    eprint={1607.05443},
    archivePrefix={arXiv},
    primaryClass={cs.PL}
}

@article{contractfuzzing,
  author    = {Bo Jiang and
               Ye Liu and
               W. K. Chan},
  title     = {ContractFuzzer: Fuzzing Smart Contracts for Vulnerability Detection},
  journal   = {CoRR},
  volume    = {abs/1807.03932},
  year      = {2018},
  url       = {http://arxiv.org/abs/1807.03932},
  archivePrefix = {arXiv},
  eprint    = {1807.03932},
  timestamp = {Mon, 24 Sep 2018 16:59:48 +0200},
  biburl    = {https://dblp.org/rec/journals/corr/abs-1807-03932.bib},
  bibsource = {dblp computer science bibliography, https://dblp.org}
}

@article{koprowskiformalization,
  title={A Formalization of the Simply Typed Lambda Calculus in Coq},
  author={Koprowski, Adam}
}

@inproceedings{swords2006soundness,
  title={Soundness of the simply typed lambda calculus in ACL2},
  author={Swords, Sol and Cook, William R},
  booktitle={Proceedings of the sixth international workshop on the ACL2 theorem prover and its applications},
  pages={35--39},
  year={2006}
}

@article{segundoformalizing,
  title={Formalizing a Named Explicit Substitutions Calculus in Coq},
  author={Segundo, Washington LR de C and de Moura, Fl{\'a}vio LC and Ventura, Daniel L}
}
@misc{fa2-python,
  title = {{Implementing FA2}},
  howpublished = {\url{https://medium.com/tqtezos/implementing-fa2-526dc4ef4715
}},
  note = {Accessed: 2020-12-06}
}

https://medium.com/tqtezos/implementing-fa2-526dc4ef4715
@article{aydemir2007nominal,
  title={Nominal reasoning techniques in Coq},
  author={Aydemir, Brian and Bohannon, Aaron and Weirich, Stephanie},
  journal={Electronic Notes in Theoretical Computer Science},
  volume={174},
  number={5},
  pages={69--77},
  year={2007},
  publisher={Elsevier}
}


